@misc{Architecture-ALVINN,
  title = {{Abbildung der Architektur} Kernel Description},
  howpublished = {\url{https://www.researchgate.net/figure/Architecture-of-the-neural-network-in-ALVINN-Reprinted-with-permission-from-125_fig22_3193351}},
  note = {Accessed: 2019-03-01}
}