% Encoding: UTF-8
@article{Loquercio_2018,
	doi = {10.1109/lra.2018.2795643},
	year = 2018,
	author = {Antonio Loquercio and Ana Isabel Maqueda and Carlos R. Del Blanco and Davide Scaramuzza},
	title = {Dronet: Learning to Fly by Driving},
	journal = {{IEEE} Robotics and Automation Letters}
}

@book{Goodfellow-et-al-2016,
    title={Deep Learning},
    author={Ian Goodfellow and Yoshua Bengio and Aaron Courville},
    publisher={MIT Press},
    note={\url{http://www.deeplearningbook.org}},
    year={2016}
}



@book{chollet2018deep,
  title={Deep Learning mit Python und Keras: Das Praxis-Handbuch vom Entwickler der Keras-Bibliothek},
  author={Chollet, F.},
  isbn={9783958458406},
  series={mitp Professional},
  url={https://books.google.de/books?id=ouVcDwAAQBAJ},
  year={2018},
  publisher={mitp-Verlag}
}

@article{DBLP:journals/corr/SimonyanVZ13,
  author    = {Karen Simonyan and
               Andrea Vedaldi and
               Andrew Zisserman},
  title     = {Deep Inside Convolutional Networks: Visualising Image Classification
               Models and Saliency Maps},
  journal   = {CoRR},
  volume    = {abs/1312.6034},
  year      = {2013},
  url       = {http://arxiv.org/abs/1312.6034},
  archivePrefix = {arXiv},
  eprint    = {1312.6034},
  timestamp = {Mon, 13 Aug 2018 16:49:09 +0200},
  biburl    = {https://dblp.org/rec/bib/journals/corr/SimonyanVZ13},
  bibsource = {dblp computer science bibliography, https://dblp.org}
}

@article{DBLP:journals/corr/HeZRS15,
  author    = {Kaiming He and
               Xiangyu Zhang and
               Shaoqing Ren and
               Jian Sun},
  title     = {Deep Residual Learning for Image Recognition},
  journal   = {CoRR},
  volume    = {abs/1512.03385},
  year      = {2015},
  url       = {http://arxiv.org/abs/1512.03385},
  archivePrefix = {arXiv},
  eprint    = {1512.03385},
  timestamp = {Mon, 13 Aug 2018 16:46:56 +0200},
  biburl    = {https://dblp.org/rec/bib/journals/corr/HeZRS15},
  bibsource = {dblp computer science bibliography, https://dblp.org}
}

@article{Maqueda2018EventBasedVM,
  title={Event-Based Vision Meets Deep Learning on Steering Prediction for Self-Driving Cars},
  author={Ana I. Maqueda and Antonio Loquercio and Guillermo Gallego and Narciso N. Garc{\'i}a and Davide Scaramuzza},
  journal={2018 IEEE/CVF Conference on Computer Vision and Pattern Recognition},
  year={2018},
  pages={5419-5427}
}


@article{DBLP:journals/corr/BojarskiCCFJMZ16,
  author    = {Mariusz Bojarski and
               Anna Choromanska and
               Krzysztof Choromanski and
               Bernhard Firner and
               Larry D. Jackel and
               Urs Muller and
               Karol Zieba},
  title     = {VisualBackProp: visualizing CNNs for autonomous driving},
  journal   = {CoRR},
  volume    = {abs/1611.05418},
  year      = {2016},
  url       = {http://arxiv.org/abs/1611.05418},
  archivePrefix = {arXiv},
  eprint    = {1611.05418},
  timestamp = {Mon, 13 Aug 2018 16:48:06 +0200},
  biburl    = {https://dblp.org/rec/bib/journals/corr/BojarskiCCFJMZ16},
  bibsource = {dblp computer science bibliography, https://dblp.org}
}

@inproceedings{Simpson2017SelfDrivingCS,
  title={Self-Driving Car Steering Angle Prediction Based on Image Recognition},
  author={Andrew Simpson},
  year={2017}
}

@article{DBLP:journals/corr/XuGYD16,
  author    = {Huazhe Xu and
               Yang Gao and
               Fisher Yu and
               Trevor Darrell},
  title     = {End-to-end Learning of Driving Models from Large-scale Video Datasets},
  journal   = {CoRR},
  volume    = {abs/1612.01079},
  year      = {2016},
  url       = {http://arxiv.org/abs/1612.01079},
  archivePrefix = {arXiv},
  eprint    = {1612.01079},
  timestamp = {Mon, 13 Aug 2018 16:48:19 +0200},
  biburl    = {https://dblp.org/rec/bib/journals/corr/XuGYD16},
  bibsource = {dblp computer science bibliography, https://dblp.org}
}

@article{richter2017safe,
  title={Safe visual navigation via deep learning and novelty detection},
  author={Richter, Charles and Roy, Nicholas},
  year={2017},
  publisher={Robotics: Science and Systems Foundation}
}

@inproceedings{pomerleau1989alvinn,
  title={Alvinn: An autonomous land vehicle in a neural network},
  author={Pomerleau, Dean A},
  booktitle={Advances in neural information processing systems},
  pages={305--313},
  year={1989}
}

@article{bojarski2017explaining,
  title={Explaining how a deep neural network trained with end-to-end learning steers a car},
  author={Bojarski, Mariusz and Yeres, Philip and Choromanska, Anna and Choromanski, Krzysztof and Firner, Bernhard and Jackel, Lawrence and Muller, Urs},
  journal={arXiv preprint arXiv:1704.07911},
  year={2017}
}

@article{bojarski2016end,
  title={End to end learning for self-driving cars},
  author={Bojarski, Mariusz and Del Testa, Davide and Dworakowski, Daniel and Firner, Bernhard and Flepp, Beat and Goyal, Prasoon and Jackel, Lawrence D and Monfort, Mathew and Muller, Urs and Zhang, Jiakai and others},
  journal={arXiv preprint arXiv:1604.07316},
  year={2016}
}

@article{kingma2014adam,
  title={Adam: A method for stochastic optimization},
  author={Kingma, Diederik P and Ba, Jimmy},
  journal={arXiv preprint arXiv:1412.6980},
  year={2014}
}

@inproceedings{krizhevsky2012imagenet,
  title={Imagenet classification with deep convolutional neural networks},
  author={Krizhevsky, Alex and Sutskever, Ilya and Hinton, Geoffrey E},
  booktitle={Advances in neural information processing systems},
  pages={1097--1105},
  year={2012}
}

@article{walter1950imitation,
  title={An imitation of life},
  author={Walter, W Grey},
  journal={Scientific American},
  volume={182},
  number={5},
  pages={42--45},
  year={1950},
  publisher={JSTOR}
}


@article{simonyan2013deep,
  title={Deep inside convolutional networks: Visualising image classification models and saliency maps},
  author={Simonyan, Karen and Vedaldi, Andrea and Zisserman, Andrew},
  journal={arXiv preprint arXiv:1312.6034},
  year={2013}
}